@misc{iyengar-ossification,
    title = {QUIC: Replacing TCP for the Web},
    month = jan,
    year = {2018},
    organization = {Youtube},
    author = {Jana Iyengar},
    howpublished = {https://youtu.be/BazWPeUGS8M?t=40m50s},
    note = {Accessed 10/03/2018}
}

@misc{govsrust,
    author = {The Computer Language
    Benchmarks Game},
    title = {Rust programs versus Go},
    month = feb,
    year = {2018},
    howpublished = {https://benchmarksgame.alioth.debian.org/u64q/compare.php?lang=rust\&lang2=go},
    note = {Accessed 10/03/2018}
}


@misc{quic-documents,
    author = {IETF, QUIC Working Group},
    title = {QUIC Working Group Documents Page},
    month = mar,
    year = {2018},
    howpublished = {https://datatracker.ietf.org/wg/quic/documents/},
    note = {Accessed 10/03/2018}
}


@misc{quic-implementations,
    title = {quicwg Implementations},
    month = feb,
    year = {2018},
    howpublished = {https://github.com/quicwg/base-drafts/wiki/Implementations},
    note = {Accessed 10/03/2018}
}

@misc{rust-difficulty1,
    author = {Aaron Turon},
    title = {Rust should have a lower learning curve},
    month = nov,
    year = {2016},
    howpublished = {https://github.com/rust-lang/rust-roadmap/issues/3},
    note = {Accessed 11/03/2018}
}

@misc{rust-difficulty2,
    title = {Why is Rust difficult?},
    howpublished = {https://vorner.github.io/difficult.html},
    note = {Accessed 11/03/2018}
}

@misc{rust-difficulty3,
    author = {Andrew Brinker},
    title = {Setting Expectations for Rust's Difficulty},
    month = jan,
    year = {2017},
    howpublished = {http://www.suspectsemantics.com/blog/2017/01/26/setting-expectations-for-rusts-difficulty/},
    note = {Accessed 11/03/2018}
}

@misc{compiler-error-list,
    title = {Rust Compiler Error Index},
    howpublished = {https://doc.rust-lang.org/error-index.html},
    note = {Accessed 11/03/2018}
}

@misc{double-free,
    author = {OWASP},
    title = {Double Free Vulnerability},
    month = jun,
    year = {2014},
    howpublished = {https://www.owasp.org/index.php/Double\_Free},
    note = {Accessed 11/03/2018}
}






















